<?xml version="1.0" encoding="UTF-8"?><collection xmlns="http://www.loc.gov/MARC21/slim"><record><leader>00592nam--2200181-i-4500</leader><controlfield tag="001">000024497</controlfield><controlfield tag="002">20161230</controlfield><controlfield tag="005">20161230201035</controlfield><controlfield tag="008">060222s1000------------r-----000-0-eng-d</controlfield><datafield ind1=" " ind2=" " tag="080"><subfield code="a">514.7</subfield></datafield><datafield ind1="1" ind2=" " tag="100"><subfield code="a">Horst, Camilla</subfield></datafield><datafield ind1="1" ind2="0" tag="245"><subfield code="a">Complex differential geometry. topics in complex differential geometry. function theory on noncompact kahler manifolds</subfield><subfield code="c">Camilla horst, hung-hsi wu, shoshichi kobayashi</subfield></datafield><datafield ind1=" " ind2=" " tag="260"><subfield code="a">Basel</subfield><subfield code="b">Birkhauser Verlag</subfield><subfield code="c">1983</subfield></datafield><datafield ind1=" " ind2=" " tag="300"><subfield code="a">159P</subfield></datafield><datafield ind1=" " ind2=" " tag="490"><subfield code="a">Dmv Seminar</subfield><subfield code="v">band 3</subfield></datafield><datafield ind1="1" ind2=" " tag="700"><subfield code="a">Kobayashi, Shoshichi</subfield></datafield><datafield ind1=" " ind2=" " tag="852"><subfield code="a">72114</subfield><subfield code="c">513</subfield></datafield><datafield ind1=" " ind2=" " tag="CAT"><subfield code="a">Sys</subfield><subfield code="c">20121017</subfield><subfield code="h">135412</subfield></datafield></record></collection>